
@MISC{bibliographystylewebpage,
   key={EPTCS},
   title={The {EPTCS} bibliography style},
	url={http://biblio.eptcs.org},
	year = {Retrieved on March 18, 2019}
}
